% This file was created with JabRef 2.10b2.
% Encoding: UTF-8

@article{WRSN08,
	added-at = {2012-11-07T00:00:00.000+0100},
	author = {0001, Wei Ren and Sorensen, Nathan},
	biburl = {http://www.bibsonomy.org/bibtex/2cc96f5529632bde0911f2e59e884cdae/dblp},
	ee = {http://dx.doi.org/10.1016/j.robot.2007.08.005},
	interhash = {387f0586bb11328490a23ac0adceae61},
	intrahash = {cc96f5529632bde0911f2e59e884cdae},
	journal = {Robotics and Autonomous Systems},
	keywords = {dblp},
	number = 4,
	pages = {324-333},
	timestamp = {2012-11-08T11:41:43.000+0100},
	title = {Distributed coordination architecture for multi-robot formation control.},
	url = {http://dblp.uni-trier.de/db/journals/ras/ras56.htmlRenS08},
	volume = 56,
	year = 2008
}

@article{leal2009reconfigurable,
	title={Reconfigurable multi robot society based on Lego mindstorms},
	author={Leal Martinez, David},
	year={2009},
	publisher={Helsinki University of Technology}
}

@book{ok1970,
	title = "Modern control engineering",
	author = "Ogata, Katsuhiko",
	series = "Prentice-Hall electrical engineering series",
	publisher = "Prentice-Hall",
	address = "Englewood Cliffs (N.J.)",
	url = "http://opac.inria.fr/record=b1080640",
	isbn = "0-13-590232-0",
	year = 1970
}

@book{franklin1998digital,
	title={Digital control of dynamic systems},
	author={Franklin, Gene F and Powell, J David and Workman, Michael L},
	volume={3},
	year={1998},
	publisher={Addison-wesley Menlo Park}
}

@article{RSDH2004,
	author = {Ramchurn, Sarvapali D. and Huynh, Dong and Jennings, Nicholas R.},
	title = {Trust in Multi-agent Systems},
	journal = {Knowl. Eng. Rev.},
	issue_date = {March 2004},
	volume = {19},
	number = {1},
	month = mar,
	year = {2004},
	issn = {0269-8889},
	pages = {1--25},
	numpages = {25},
	url = {http://dx.doi.org/10.1017/S0269888904000116},
	doi = {10.1017/S0269888904000116},
	acmid = {1059614},
	publisher = {Cambridge University Press},
	address = {New York, NY, USA}
} 

@misc{CMAJJBC08,
	title={Estudos de ve{\'\i}culos a{\'e}reos n{\~a}o tripulados baseado em sistemas multi-agentes e sua intera{\c{c}}{\~a}o no espa{\c{c}}o a{\'e}reo controlado},
	author={Corr{\^e}a, M{\'a}rio A and J{\'u}nior, Jo{\~a}o Batista Camargo},
	year={2008},
	publisher={Sitraer}
}

@misc{SHA08,
	title={Uma Introdu{\c{c}}{\~a}o a Rob{\^o}s M{\'o}veis},
	author={Secchi, HA},
	year={2008},
	publisher={Argentina}
}

@INPROCEEDINGS{BDCMGA09, 
	author={Benedettelli, D. and Casini, M. and Garulli, A. and Giannitrapani, A. and Vicino, A.}, 
	booktitle={Control Applications, (CCA) Intelligent Control, (ISIC), 2009 IEEE}, 
	title={A LEGO Mindstorms experimental setup for multi-agent systems}, 
	year={2009}, 
	month={July}, 
	pages={1230-1235}, 
	keywords={decentralised control;mobile robots;motion control;multi-agent systems;LEGO Mindstorms;circular motion;cooperative control;decentralized control;formation control;motion coordination;multiagent systems;multiple vehicle system;nonholonomic vehicle;Communication system control;Control systems;Costs;Motion control;Multiagent systems;Quantization;Scalability;System testing;Time measurement;Vehicles}, 
	doi={10.1109/CCA.2009.5280717},}

@INPROCEEDINGS{HCWSNX02, 
	author={Heping Chen and Weihua Sheng and Ning Xi and Mumin Song and Yifan Chen}, 
	booktitle={Robotics and Automation, 2002. Proceedings. ICRA '02. IEEE International Conference on}, 
	title={Automated robot trajectory planning for spray painting of free-form surfaces in automotive manufacturing}, 
	year={2002}, 
	month={}, 
	volume={1}, 
	pages={450-455 vol.1}, 
	keywords={automobile industry;industrial robots;path planning;spray coating techniques;thickness control;CAD-guided system;automobile industry;industrial robots;paint gun trajectory generation;paint thickness verification;spray painting;trajectory planning;Automotive engineering;Computer aided manufacturing;Education;Geometry;Manufacturing automation;Painting;Paints;Robotics and automation;Spraying;Trajectory}, 
	doi={10.1109/ROBOT.2002.1013401}
}

@inproceedings{casini2011lego,
	title={A LEGO Mindstorms multi-robot setup in the Automatic Control Telelab},
	author={Casini, Marco and Garulli, Andrea and Giannitrapani, Antonio and Vicino, Antonio},
	booktitle={Proceedings of 18th IFAC World Congress, Milano, Italy},
	volume={28},
	year={2011}
}

@phdthesis{JTA13,
	title={Estrat{\'e}gias de Guiagem e Coopera{\c{c}}{\~a}o de Rob{\^o}s A{\'e}reos Sujeitos a Restri{\c{c}}{\~o}es nas Entradas e/ou nos Estados},
	author={Jesus, Tales Argolo},
	year={2013},
	school={Universidade Federal de Minas Gerais}
}

@inproceedings{GARHAS04,
	title={Border patrol and surveillance missions using multiple unmanned air vehicles},
	author={Girard, Anouck R and Howell, Adam S and Hedrick, J Karl},
	booktitle={Decision and Control, 2004. CDC. 43rd IEEE Conference on},
	volume={1},
	pages={620--625},
	year={2004},
	organization={IEEE}
}

@inproceedings{MANJ09,
	title={Multi-robot exploration and fire searching},
	author={Marjovi, Ali and Nunes, Jo{\~a}o Gon{\c{c}}alo and Marques, Lino and de Almeida, An{\'\i}bal},
	booktitle={Intelligent Robots and Systems, 2009. IROS 2009. IEEE/RSJ International Conference on},
	pages={1929--1934},
	year={2009},
	organization={IEEE}
}

@article{CMHL08,
	title={O futuro da medicina: nanomedicina},
	author={CARLES, Mauricio and HERMOSILLA, L{\'\i}gia},
	journal={Revista Cient{\'\i}fica Eletr{\^o}nica de Medicina Veterin{\'a}ria},
	volume={6},
	number={10},
	pages={1--7},
	year={2008}
}

@Misc{sorceforge2001,
	Title                    = {Bricx Command Center},
	
	Author                   = {SOURCEFORGE},
	Year                     = {2001},
	
	Timestamp                = {2013.12.29},
	Url                      = {http://bricxcc.sourceforge.net/},
	Urlaccessdate            = {20 de maio de 2015}
}

@book{TJRD13,
	title={Mec{\'a}nica cl{\'a}sica},
	author={Taylor, J.R. and D{\'\i}az, J.I.D. and Grau, A.C.},
	isbn={9788429143126},
	url={http://books.google.com.br/books?id=6QJjngEACAAJ},
	year={2013},
	publisher={Revert{\'e}}
}

@phdthesis{GJA11,
	title={CONTROLE DE FORMA{\c{C}}{\~A}O DE ROB{\^O}S N{\~A}O-HOLON{\^O}MICOS COM RESTRI{\c{C}}{\~A}O DE CURVATURA UTILIZANDO FUN{\c{C}}{\~A}O POTENCIAL},
	author={Gouv{\^e}a, Josiel Alves},
	year={2011},
	school={Universidade Federal do Rio de Janeiro}
}

@article{balch1998behavior,
	title={Behavior-based formation control for multirobot teams},
	author={Balch, Tucker and Arkin, Ronald C},
	journal={Robotics and Automation, IEEE Transactions on},
	volume={14},
	number={6},
	pages={926--939},
	year={1998},
	publisher={IEEE}
}